<?xml version="1.0" encoding="utf-8"?>
<record xmlns="http://www.loc.gov/MARC21/slim" xmlns:xsi="http://www.w3.org/2001/XMLSchema-instance" xsi:schemaLocation="http://www.loc.gov/MARC21/slim http://www.loc.gov/standards/marcxml/schema/MARC21slim.xsd">
	<leader>     nam a22        4500</leader>
	<controlfield tag="001">2684686</controlfield>
	<controlfield tag="003">NNC</controlfield>
	<controlfield tag="006">m        d        </controlfield>
	<controlfield tag="007">cr cn |||m|||a</controlfield>
	<controlfield tag="008">171211s1949    ua      ob    001 0 arard</controlfield>
	<datafield ind1=" " ind2=" " tag="040">
		<subfield code="a">NNU</subfield>
		<subfield code="b">eng</subfield>
		<subfield code="e">rda</subfield>
		<subfield code="c">NNU</subfield>
	</datafield>
	<datafield ind1=" " ind2=" " tag="043">
		<subfield code="a">f-ua---</subfield>
	</datafield>
	<datafield ind1=" " ind2="4" tag="050">
		<subfield code="a">DT95</subfield>
		<subfield code="b">.H343 1949</subfield>
	</datafield>
	<datafield ind1="1" ind2=" " tag="100">
		<subfield code="a">Ḥasan, ʻAlī Ibrāhīm.</subfield>
	</datafield>
	<datafield ind1="1" ind2="0" tag="245">
		<subfield code="a">Istikhdām al-maṣādir wa-ṭuruq al-baḥth fī al-tārīkh al-Miṣrī al-wasīṭ /</subfield>
		<subfield code="c">taʼlīf ʻAlī Ibrāhīm Ḥasan.</subfield>
	</datafield>
	<datafield ind1=" " ind2=" " tag="260">
		<subfield code="a">al-Qāhirah :</subfield>
		<subfield code="b">Maktabat al-Nahḍah al-Miṣrīyah,</subfield>
		<subfield code="c">1949.</subfield>
	</datafield>
	<datafield ind1=" " ind2=" " tag="300">
		<subfield code="a">online resource (207 pages)</subfield>
	</datafield>
	<datafield ind1=" " ind2=" " tag="336">
		<subfield code="a">text</subfield>
		<subfield code="2">rdacontent</subfield>
	</datafield>
	<datafield ind1=" " ind2=" " tag="337">
		<subfield code="a">computer</subfield>
		<subfield code="2">rdamedia</subfield>
	</datafield>
	<datafield ind1=" " ind2=" " tag="338">
		<subfield code="a">online resource</subfield>
		<subfield code="2">rdacarrier</subfield>
	</datafield>
	<datafield ind1=" " ind2=" " tag="500">
		<subfield code="a">Includes indexes.</subfield>
	</datafield>
	<datafield ind1=" " ind2=" " tag="500">
		<subfield code="a">Part of the Arabic Collections Online (ACO) project, contributed by Columbia University Libraries.</subfield>
	</datafield>
	<datafield ind1=" " ind2=" " tag="533">
		<subfield code="a">Electronic reproduction.</subfield>
		<subfield code="b">New York, N.Y. :</subfield>
		<subfield code="c">New York University,</subfield>
		<subfield code="d">2017.</subfield>
		<subfield code="5">NNU</subfield>
	</datafield>
	<datafield ind1=" " ind2="0" tag="651">
		<subfield code="a">Egypt</subfield>
		<subfield code="x">History</subfield>
		<subfield code="y">640-1882</subfield>
		<subfield code="v">Sources.</subfield>
	</datafield>
	<datafield ind1=" " ind2="0" tag="651">
		<subfield code="a">Egypt</subfield>
		<subfield code="x">History</subfield>
		<subfield code="y">640-1882</subfield>
		<subfield code="v">Bibliography.</subfield>
	</datafield>
	<datafield ind1=" " ind2="7" tag="651">
		<subfield code="a">Egypt.</subfield>
		<subfield code="2">fast</subfield>
		<subfield code="0">(OCoLC)fst01208755</subfield>
	</datafield>
	<datafield ind1=" " ind2="7" tag="648">
		<subfield code="a">640-1882</subfield>
		<subfield code="2">fast</subfield>
	</datafield>
	<datafield ind1=" " ind2="7" tag="655">
		<subfield code="a">Bibliography.</subfield>
		<subfield code="2">fast</subfield>
		<subfield code="0">(OCoLC)fst01423717</subfield>
	</datafield>
	<datafield ind1=" " ind2="7" tag="655">
		<subfield code="a">History.</subfield>
		<subfield code="2">fast</subfield>
		<subfield code="0">(OCoLC)fst01411628</subfield>
	</datafield>
	<datafield ind1=" " ind2="7" tag="655">
		<subfield code="a">Sources.</subfield>
		<subfield code="2">fast</subfield>
		<subfield code="0">(OCoLC)fst01423900</subfield>
	</datafield>
	<datafield ind1="2" ind2=" " tag="710">
		<subfield code="a">Columbia University.</subfield>
		<subfield code="b">Libraries.</subfield>
	</datafield>
	<datafield ind1="0" ind2=" " tag="730">
		<subfield code="a">Arabic Collections Online.</subfield>
	</datafield>
	<datafield ind1="0" ind2="8" tag="776">
		<subfield code="i">Print version:</subfield>
		<subfield code="a">Ḥasan, ʻAlī Ibrāhīm.</subfield>
		<subfield code="t">Istikhdām al-maṣādir wa-ṭuruq al-baḥth fī al-tārīkh al-Miṣrī al-wasīṭ</subfield>
		<subfield code="w">(NNC)2684686</subfield>
		<subfield code="w">(OCoLC)14402438</subfield>
	</datafield>
	<datafield ind1="4" ind2="0" tag="856">
		<subfield code="u">http://hdl.handle.net/2333.1/31zcrqn9</subfield>
	</datafield>
	<datafield ind1=" " ind2=" " tag="959">
		<subfield code="a">NNU</subfield>
		<subfield code="b">WEB</subfield>
		<subfield code="c">GENI</subfield>
		<subfield code="t">0</subfield>
		<subfield code="m">Electronic access</subfield>
		<subfield code="s">01</subfield>
	</datafield>
	<datafield ind1=" " ind2=" " tag="999">
		<subfield code="i">NNC_2684686</subfield>
		<subfield code="o">(OCoLC)ocm14402438</subfield>
		<subfield code="s">columbia_aco002978</subfield>
		<subfield code="e">(ERROR-880)</subfield>
	</datafield>
</record>
